<?xml version="1.0" encoding="UTF-8" ?>
<collection xmlns:xsi="http://www.w3.org/2001/XMLSchema-instance"
    xsi:schemaLocation="http://www.loc.gov/MARC21/slim
        http://www.loc.gov/standards/marcxml/schema/MARC21slim.xsd"
    xmlns="http://www.loc.gov/MARC21/slim">
<record>
  <leader>00207cam a2200373 i 4500</leader>
  <controlfield tag="001">b12866465</controlfield>
  <controlfield tag="003">LeBAU</controlfield>
  <controlfield tag="005">20180410</controlfield>
  <controlfield tag="008">990223s1934    ti            1|0 0 ara d</controlfield>
  <datafield tag="035" ind1=" " ind2=" ">
    <subfield code="a">ocn784525191</subfield>
  </datafield>
  <datafield tag="040" ind1=" " ind2=" ">
    <subfield code="a">LEAUB</subfield>
    <subfield code="b">ara</subfield>
    <subfield code="e">rda</subfield>
    <subfield code="c">LEAUB</subfield>
    <subfield code="d">LEAUB</subfield>
  </datafield>
  <datafield tag="082" ind1="0" ind2="4">
    <subfield code="a">371.83</subfield>
    <subfield code="2">20</subfield>
  </datafield>
  <datafield tag="111" ind1="2" ind2=" ">
    <subfield code="6">880-01</subfield>
    <subfield code="a">Muʼtamar ṭalabat shamāl Afrīqiyā al-Muslimīn</subfield>
    <subfield code="n">(4 :</subfield>
    <subfield code="d">1934 :</subfield>
    <subfield code="c">Tunisia)</subfield>
  </datafield>
  <datafield tag="245" ind1="1" ind2="0">
    <subfield code="6">880-02</subfield>
    <subfield code="a">Nashrat aʻmāl al-Muʼtamar al-Rābiʻ li-ṭalabat shamāl Afrīqiyā al-Muslimīn /</subfield>
    <subfield code="c">Jamʻīyat ṭalabat shamāl Afrīqiyā al-Muslimīn bi-Faransā.</subfield>
  </datafield>
  <datafield tag="264" ind1=" " ind2="1">
    <subfield code="6">880-03</subfield>
    <subfield code="a">Tūnis :</subfield>
    <subfield code="b">al-Maṭbaʻah al-Tūnisīyah,</subfield>
    <subfield code="c">1934.</subfield>
  </datafield>
  <datafield tag="300" ind1=" " ind2=" ">
    <subfield code="6">880-04</subfield>
    <subfield code="a">20 pages ;</subfield>
    <subfield code="c">25 cm</subfield>
  </datafield>
  <datafield tag="336" ind1=" " ind2=" ">
    <subfield code="a">text</subfield>
    <subfield code="b">txt</subfield>
    <subfield code="2">rdacontent</subfield>
  </datafield>
  <datafield tag="337" ind1=" " ind2=" ">
    <subfield code="a">unmediated</subfield>
    <subfield code="b">n</subfield>
    <subfield code="2">rdamedia</subfield>
  </datafield>
  <datafield tag="338" ind1=" " ind2=" ">
    <subfield code="a">volume</subfield>
    <subfield code="b">nc</subfield>
    <subfield code="2">rdacarrier</subfield>
  </datafield>
  <datafield tag="650" ind1=" " ind2="4">
    <subfield code="a">التربية</subfield>
    <subfield code="z">تونس</subfield>
    <subfield code="v">مؤتمرات.</subfield>
  </datafield>
  <datafield tag="650" ind1=" " ind2="4">
    <subfield code="a">التربية الاسلامية</subfield>
    <subfield code="z">تونس</subfield>
    <subfield code="v">مؤتمرات.</subfield>
  </datafield>
  <datafield tag="650" ind1=" " ind2="0">
    <subfield code="a">Education</subfield>
    <subfield code="z">Tunisia</subfield>
    <subfield code="v">Congresses.</subfield>
  </datafield>
  <datafield tag="650" ind1=" " ind2="0">
    <subfield code="a">Islamic education</subfield>
    <subfield code="z">Tunisia</subfield>
    <subfield code="v">Congresses.</subfield>
  </datafield>
  <datafield tag="710" ind1="2" ind2=" ">
    <subfield code="6">880-05</subfield>
    <subfield code="a">Jamʻīyat ṭalabat shamāl Afrīqiyā al-Muslimīn bi-Faransā,</subfield>
    <subfield code="e">issuing body.</subfield>
  </datafield>
  <datafield tag="852" ind1=" " ind2=" ">
    <subfield code="a">Jafet Library</subfield>
    <subfield code="e">American University of Beirut, Bliss Street , Beirut, Lebanon.</subfield>
  </datafield>
  <datafield tag="880" ind1="2" ind2=" ">
    <subfield code="6">111-01/(3/r</subfield>
    <subfield code="a">مؤتمر طلبة شمال أفريقيا المسلمين</subfield>
    <subfield code="n">(4 :</subfield>
    <subfield code="d">1934 :</subfield>
    <subfield code="c">تونس)</subfield>
  </datafield>
  <datafield tag="880" ind1="1" ind2="0">
    <subfield code="6">245-02/(3/r</subfield>
    <subfield code="a">نشرة اعمال المؤتمر الرابع لطلبة شمال افريقيا المسلمين، تونس عام 1934 /</subfield>
    <subfield code="c">جمعية طلبة شمال افريقيا المسلمين بفرنسا.</subfield>
  </datafield>
  <datafield tag="880" ind1=" " ind2="1">
    <subfield code="6">264-03/(3/r</subfield>
    <subfield code="a">تونس :</subfield>
    <subfield code="b">المطبعة التونسية،</subfield>
    <subfield code="c">1934.</subfield>
  </datafield>
  <datafield tag="880" ind1=" " ind2=" ">
    <subfield code="6">300-04/(3/r</subfield>
    <subfield code="a">20 صفحة ؛</subfield>
    <subfield code="c">25 سم</subfield>
  </datafield>
  <datafield tag="880" ind1="2" ind2=" ">
    <subfield code="6">710-05/(3/r</subfield>
    <subfield code="a">جمعية طلبة شمال افريقيا المسلمين بفرنسا،</subfield>
    <subfield code="e">هيئة إصدار. </subfield>
    <subfield code="4">isb.</subfield>
  </datafield>
  <datafield tag="907" ind1=" " ind2=" ">
    <subfield code="a">.b12866465</subfield>
    <subfield code="b">18-04-10</subfield>
    <subfield code="c">11-05-24</subfield>
  </datafield>
  <datafield tag="907" ind1=" " ind2=" ">
    <subfield code="a">.b12866465</subfield>
    <subfield code="b">15-10-15</subfield>
    <subfield code="c">11-05-24</subfield>
  </datafield>
  <datafield tag="945" ind1=" " ind2=" ">
    <subfield code="f">J</subfield>
    <subfield code="a">371.83:M991aA:1934:c.1</subfield>
    <subfield code="g">1</subfield>
    <subfield code="i">00295608</subfield>
    <subfield code="j">.i13472926</subfield>
    <subfield code="l">u0503</subfield>
  </datafield>
  <datafield tag="998" ind1=" " ind2=" ">
    <subfield code="a">u05</subfield>
    <subfield code="b">99-02-23</subfield>
    <subfield code="c">m</subfield>
    <subfield code="d">a</subfield>
    <subfield code="e">-</subfield>
    <subfield code="f">ara</subfield>
    <subfield code="g">ti </subfield>
    <subfield code="h">0</subfield>
    <subfield code="i">1</subfield>
  </datafield>
</record>
</collection>
